% This file was created with JabRef 2.9.2.
% Encoding: ISO8859_1

@STRING{AW = {Addison-Wesley}}

@BOOK{brill:01,
  title = {Mathematik für Informatiker},
  publisher = {Hanser},
  year = {2001},
  author = {Brill, Manfred}
}

@MANUAL{brill:10,
  title = {Hinweise und Anregungen zum Verfassen einer Abschlussarbeit},
  author = {Brill, Manfred},
  organization = {Hochschule Kaiserslautern}
}

@BOOK{brill:04,
  title = {Mathematik für Informatiker (2. Auflage)},
  publisher = {Hanser},
  year = {2004},
  author = {Brill, Manfred}
}

@BOOK{benderbrill:03,
  title = {Computergrafik. Ein anwendungsorientiertes Lehrbuch},
  publisher = {Hanser},
  year = {2003},
  author = {{Bender, Michael} and {Brill, Manfred}}
}

@BOOK{kopka:02,
  title = {LaTeX - Band 1: Einführung},
  publisher = {Pearson Studium},
  year = {2002},
  author = {Kopka, Helmut}
}

@BOOK{mittelbach:05,
  title = {Der LaTeX-Begleiter},
  publisher = {Pearson Studium},
  year = {2005},
  author = {{Mittelbach, Frank} and {Goossens, Michel}}
}

@ELECTRONIC{brill:08,
  author = {Brill, Manfred},
  title = {MatheInfo: Die Website zum Buch!},
  howpublished = {\url{http://www.matheinfo.de}},
  note = {Zuletzt gesehen: 7. Mai 2019},
  url = {\url{http://www.matheinfo.de}},
  comment = {\url{http://www.matheinfo.de}}
}

@MANUAL{brill:03a,
  title = {Informationen zur Arbeit mit Makefiles und Cygwin},
  author = {Brill, Manfred},
  organization = {Fachhochschule Kaiserslautern},
  year = {2003}
}

@MANUAL{brill:03b,
  title = {Einführung in die Programmierung mit OpenGL und GLUT},
  author = {Brill, Manfred},
  organization = {Fachhochschule Kaiserslautern},
  year = {2003}
}

@MANUAL{brill:03c,
  title = {Dokumentieren mit Doxygen},
  author = {Brill, Manfred},
  organization = {Fachhochschule Kaiserslautern},
  year = {2003}
}

@BOOK{benderbrill:05,
  title = {Computergrafik - ein anwendungsbezogenes Lehrbuch, 2. Auflage},
  publisher = {Hanser},
  year = {2005},
  author = {{Bender, Michael} and {Brill, Manfred}}
}

@BOOK{rost:06,
  title = {OpenGL Shading Language, 2nd Edition},
  publisher = {Addison-Wesley},
  year = {2006},
  author = {Rost, Randi}
}

@ELECTRONIC{brillStyles,
  title = {General TeX-Macros, Style files and class files for my LaTeX projects},
  howpublished = {\url{https://github.com/MBrill/StylesAndMore}},
  organization = {Hochschule Kaiserslautern},
  note = {Zuletzt gesehen: 8. Mai 2019},
  url = {\url{https://github.com/MBrill/StylesAndMore}}
}

