% This file was created with JabRef 2.9.2.
% Encoding: ISO8859_1

@STRING{AW = {Addison-Wesley}}

@STRING{cacm = {Communications of the ACM}}

@STRING{CAD = {Computer-Aided Design}}

@INBOOK{post:92,
  title = {Fluid Flow Visualization},
  year = {1992},
  author = {{Post, Frits} and {van Walsum, Theo}},
  crossref = {hagen:92}
}

@INBOOK{delmarcelle:94,
  pages = {11-12},
  title = {A Unified Framework for Flow Visualization},
  year = {1994},
  author = {{Delmarcelle, Thierry} and {Hesselink, Lambertus}},
  crossref = {gallagher:94}
}

@BOOK{brill:04,
  title = {Mathematik für Informatiker (2. Auflage)},
  publisher = {Hanser},
  year = {2004},
  author = {Brill, Manfred}
}

@BOOK{benderbrill:03,
  title = {Computergrafik. Ein anwendungsorientiertes Lehrbuch},
  publisher = {Hanser},
  year = {2003},
  author = {{Bender, Michael} and {Brill, Manfred}}
}

@BOOK{shirley_08,
  title = {Essentials of Interactive Computer Graphics: Concepts and Implementation},
  publisher = {A.~K.~Peters},
  year = {2008},
  author = {{Shirley, Peter} and {Sung, Kelvin} and {Baer, Steven}}
}

@BOOK{kilgard:96,
  title = {OpenGL Programming for the X Window System},
  publisher = AW,
  year = {1996},
  author = {{Kilgard, Mark J.}}
}

@BOOK{kilgard:03,
  title = {The Cg Tutorial},
  publisher = AW,
  year = {2003},
  author = {{Fernando, Randima} and {Kilgard, Mark J.}}
}

@BOOK{suffern:07,
  title = {Ray Tracing from the Ground Up},
  publisher = {A. K. Peters},
  year = {2007},
  author = {{Suffern, Keven}}
}

@BOOK{randima:04,
  title = {GPU Gems. Programming Techniques, Tips and Tricks for Real-time Graphics},
  publisher = AW,
  year = {2004},
  author = {Randima, Fernando}
}

@BOOK{pharr:05,
  title = {GPU Gems 2. Techniques for High-Performance Graphics and General
	Purpose Computation},
  publisher = AW,
  year = {2005},
  author = {Pharr, Matt}
}

@BOOK{brownlow:04,
  title = {Goldene Regeln der Spiele-Programmierung. Methoden zur effizienten
	Programmierung von Computerspielen},
  publisher = {Hanser},
  year = {2004},
  author = {Brownlow, Martin}
}

@BOOK{akeley:07,
  title = {GPU Gems 3. Programming Techniques for High-Performance Graphics
	and General Purpose Computation},
  publisher = AW,
  year = {2007},
  author = {{Akeley, Kurt} and {Nguyen, Hubert}}
}

@BOOK{fosner:96,
  title = {OpenGL programming for Windows 95 and Windows NT},
  publisher = AW,
  year = {1996},
  author = {{Fosner, Ron}}
}

@BOOK{leszek:03,
  title = {C/C++ development with the Eclipse Platform},
  publisher = {http://www-106.ibm.com/developerworks/library/os-ecc/},
  year = {2003},
  author = {Leszek, Pawel}
}

@MANUAL{kilgard:96a,
  title = {The OpenGL Utility Toolkit (GLUT) Programming Interface, API Version
	$3$},
  author = {Kilgard, Mark},
  organization = {Silicon Graphics},
  year = {1996}
}

@MANUAL{pixar:88,
  title = {The RenderMan Interface},
  author = {Pixar},
  organization = {Pixar Corporation},
  year = {1988}
}

@BOOK{bellcarey:97,
  title = {The annotated VRML 2.0 reference manual},
  publisher = AW,
  year = {1997},
  author = {{Bell, Gavin} and {Carey, Rikk}}
}

@BOOK{hase:97,
  title = {Dynamische virtuelle Welten mit VRML 2.0},
  publisher = {dpunkt},
  year = {1997},
  author = {{Hase, Hans-Lothar}}
}

@BOOK{amesnadeaumoreland:97,
  title = {VRML 2.0 sourcebook},
  publisher = {Wiley},
  year = {1997},
  author = {{Ames, Andrea L.} and {Nadeau, David R.} and {Moreland, John L.}}
}

@BOOK{breymann:03,
  title = {C++ - Einführung und professionelle Programmierung},
  publisher = {Hanser },
  year = {2001},
  author = {{Breymann, Ulrich}}
}

@BOOK{fleming:99,
  title = {3D Modeling \& Surfacing},
  publisher = {Morgan Kaufmann},
  year = {1999},
  author = {{Fleming, Bill}}
}

@BOOK{birn:00,
  title = {Digital lighting and rendering},
  publisher = {New Riders},
  year = {2000},
  author = {{Birn, Jeremy }}
}

@BOOK{birn:07,
  title = {Lighting \& Rendering -- 3D-Grafiken meisterhaft beleuchten, Realisitische
	Texturen entwickeln (2. Auflage)},
  publisher = {Addison-Wesley},
  year = {2007},
  author = {Jeremy Birn}
}

@BOOK{demers:00,
  title = {[digital] Texturing and Painting},
  publisher = {New Riders},
  year = {2001},
  author = {Demers, Owen}
}

@BOOK{masteringmaya:07,
  title = {Mastering Maya 8.5},
  publisher = {Wiley},
  year = {2007},
  author = {{Derakhshani, Dariush} and {Kuzendorf, Eric} and {Kundert-Gibbs,
	John}}
}

@MANUAL{brill:03a,
  title = {Informationen zur Arbeit mit Makefiles und Cygwin},
  author = {Brill, Manfred},
  organization = {Fachhochschule Kaiserslautern},
  year = {2003}
}

@MANUAL{brill:03b,
  title = {Einführung in die Programmierung mit OpenGL und GLUT},
  author = {Brill, Manfred},
  organization = {Fachhochschule Kaiserslautern},
  year = {2003}
}

@MANUAL{brill:03c,
  title = {Dokumentieren mit Doxygen},
  author = {Brill, Manfred},
  organization = {Fachhochschule Kaiserslautern},
  year = {2003}
}

@MANUAL{brill:04a,
  title = {Programmieren mit VTK },
  author = {Brill, Manfred},
  organization = {Fachhochschule Kaiserslautern},
  year = {2003}
}

@MANUAL{brill:08,
  title = {vlgGraphicsEngine Installationshinweise},
  author = {Brill, Manfred},
  organization = {Fachhochschule Kaiserslautern},
  year = {2008}
}

@BOOK{orlamuender:04,
  title = {Computergrafik und OpenGL},
  publisher = {Fachbuchverlag Leipzig},
  year = {2004},
  author = {{Orlamünder, Dieter} and {Mascolus, Wilfried}}
}

@BOOK{nischwitz:04,
  title = {Masterkurs Computergrafik und Bildverarbeitung},
  publisher = {Vieweg},
  year = {2004},
  author = {{Nischwitz, Alfred} and {Haberäcker, Peter}}
}

@MANUAL{brill:03,
  title = {Programmieren mit Cygwin und UNIX},
  author = {Brill, Manfred},
  organization = {Visualisierungslabor der FH Kaiserslautern},
  year = {2003}
}

@BOOK{rost:04,
  title = {OpenGL Shading Language},
  publisher = {Addison-Wesley},
  year = {2004},
  author = {Rost, Randi}
}

@BOOK{rost:06,
  title = {OpenGL Shading Language, 2nd Edition},
  publisher = {Addison-Wesley},
  year = {2006},
  author = {Rost, Randi}
}

@BOOK{superbible:04,
  title = {OpenGL Superbible},
  publisher = {Sams},
  year = {2004},
  author = {{Sweet, Michael} and {Wright, Richard}}
}

@BOOK{superbible:07,
  title = {OpenGL Superbible: Comprehensive Tutorial and Reference},
  publisher = {Addison-Wesley},
  year = {2007},
  author = {{Wright, Richard} and {Lipchack, Benjamin} and {Haemel, Nicholas}}
}

@BOOK{superbible_10,
  title = {OpenGL Superbible: Comprehensive Tutorial and Reference},
  publisher = {Addison-Wesley},
  year = {2010},
  author = {{Wright, Richard} and {Haemel, Nicholar} and {Sellers, Graham} and
	{Lipchack, Benjamin}}
}

@BOOK{benderbrill:05,
  title = {Computergrafik - ein anwendungsbezogenes Lehrbuch, 2. Auflage},
  publisher = {Hanser},
  year = {2005},
  author = {{Bender, Michael} and {Brill, Manfred}}
}

@BOOK{mcreynolds:05,
  title = {Advanced Graphics Programming Using OpenGL},
  publisher = {Morgan Kaufmann},
  year = {2005},
  author = {{McReynolds, Tom} and {Blythe, David}}
}

@MANUAL{brilljunglozano:05,
  title = {Praktikumsunterlagen Computergrafik},
  author = {{Brill, Manfred} and {Jung, Mathias} and {Lozano, Thomas}},
  organization = {VisLab},
  year = {2005}
}

@MANUAL{brill:05,
  title = {Trackball und Pilot´s View mit OpenGL und GLUT},
  author = {Brill, Manfred},
  organization = {Visualisierungslabor der FH Kaiserslautern},
  year = {2005}
}

@BOOK{gamma:94,
  title = {Design Patterns},
  publisher = {Addison-Wesley},
  year = {1994},
  author = {{Gamma, Erich} and {Helm, Richard} and {Johnson, Ralph} and {Vlissides,
	John}}
}

@BOOK{gray:94,
  title = {Differentialgeometrie},
  publisher = {Spektrum Akademischer Verlag},
  year = {1994},
  author = {Alfred Gray}
}

@MANUAL{schmit:05,
  title = {Konzeption und Realisierung eines Cross-Media-Characters mit Alias
	Maya},
  author = {Sacha Schmit},
  organization = {Diplomarbeit},
  year = {2005}
}

@BOOK{klawonn:05,
  title = {Grundkurs Computergrafik mit Java -- Die Grundlagen verstehen und
	einfach umsetzen mit Java3D},
  publisher = {Vieweg},
  year = {2005},
  author = {Klawonn, Frank}
}

@BOOK{bungartz:02,
  title = {Einführung in die Computergrafik},
  publisher = {Vieweg},
  year = {2002},
  author = {{Bungartz, Hans-Joachim} and {Griebel, Michael} and {Zenger, Christoph}}
}

@BOOK{scherfgen:04,
  title = {3D-Spieleprogrammierung},
  publisher = {Hanser},
  year = {2004},
  author = {David Scherfgen}
}

@BOOK{lama:04,
  title = {3D Welten -- Professionelle Animationen und fotorealistische Grafiken
	mit Raytracing},
  publisher = {Hanser},
  year = {2004},
  author = {Lama, Toni}
}

@BOOK{autodesk:08,
  title = {Maya 2008 for Games Education Curriculum Student Workbook},
  publisher = {Autodesk},
  year = {2008},
  author = {Autodesk}
}

@BOOK{autodesk:11,
  title = {Maya 2011 -- Getting Started},
  publisher = {Autodesk},
  year = {2011},
  author = {Autodesk}
}

@BOOK{alias:05,
  title = {Learning Maya Foundation},
  publisher = {Maya Press},
  year = {2005},
  author = {Learning Tools, Alias}
}

@BOOK{alias:05b,
  title = {MEL Fundamentals},
  publisher = {Maya Press},
  year = {2005},
  author = {Learning Tools, Alias}
}

@BOOK{derakhshani:05,
  title = {Introducing Maya 7 - 3D for Beginners},
  publisher = {Sybex},
  year = {2005},
  author = {Dariush Derakhshani}
}

@BOOK{derakhshani:06,
  title = {Introducing Maya 8 - 3D for Beginners},
  publisher = {Wiley and Sons},
  year = {2006},
  author = {Dariush Derakhshani}
}

@BOOK{derakhshani:03,
  title = {Introducing Maya 5 - 3D for Beginners},
  publisher = {Sybex},
  year = {2003},
  author = {Dariush Derakhshani}
}

@BOOK{schoenherr:06,
  title = {Maya 7 - mit Online-Update zu Maya 8},
  publisher = AW,
  year = {2006},
  author = {Schönherr, Maximilian}
}

@BOOK{puder:02,
  title = {Complete Maya Programming. An Extensive Guide to MEL and C++ API},
  publisher = {Morgan Kaufmann},
  year = {2002},
  author = {Mark Puder}
}

@BOOK{wilkins:05,
  title = {MEL Scripting for Maya Animators},
  publisher = {Morgan Kaufmann},
  year = {2005},
  author = {{Wilkins, Mark} and {Kazmier, Chris}}
}

@BOOK{gallier:00,
  title = {Curves and Surfaces in Geometric Modeling-- Theory and Applications},
  publisher = {Morgan Kaufmann},
  year = {2000},
  author = {Gallier, Jean}
}

@BOOK{warren:02,
  title = {Subdivision Methods for Geometric Design},
  publisher = {Morgan Kaufmann},
  year = {2002},
  author = {{Warren, Joe} and {Weimer, Henrik}}
}

@BOOK{bajaj:99,
  title = {Data Visualization Techniques},
  publisher = {Wiley},
  year = {1999},
  author = {Bajaj, Chandrajit}
}

@BOOK{chen:00,
  title = {Volume Graphics},
  publisher = {Springer},
  year = {2000},
  author = {{Chen} and {Kaufmann, Arie} and {Yagel, Roni}}
}

@BOOK{mehlhorn:00,
  title = {LEDA: A Platform for Combinatorical and Geometric Computing},
  publisher = {Cambridge University Press},
  year = {2000},
  author = {Mehlhorn, Kurt}
}

@BOOK{zavodnikkopp:95,
  title = {Graphische Datenverarbeitung},
  publisher = {Hanser},
  year = {1995},
  author = {{{Zavodnik, Raymond} and {Kopp, Herbert}}}
}

@BOOK{baer:01,
  title = {Geometrie -- Eine Einführung für Ingenieure und Naturwissenschaftler},
  publisher = {Teubner},
  year = {2001},
  author = {Bär, Gert}
}

@BOOK{fellner:92,
  title = {Computergrafik},
  publisher = {BI Wissenschaftsverlag},
  year = {1992},
  author = {Fellner,Wolf Dietrich}
}

@BOOK{meier:01,
  title = {Computergrafik und Geometrisches Modellieren},
  publisher = {Teubner},
  year = {2001},
  author = {{Br{"u}derlin, Beat} and {Meier, Andreas}}
}

@BOOK{aumann:93,
  title = {Computerorientierte Geometrie},
  publisher = {Spektrum Akademischer Verlag},
  year = {1993},
  author = {{Aumann, G{"u}nther} and {Spitzm{"u}ller, Klaus}}
}

@BOOK{piegl:00,
  title = {The NURBS Book},
  publisher = {Springer},
  year = {2000},
  author = {{Piegl, Les} and {Tiller, Wayne}}
}

@BOOK{wolberg:90,
  title = {Digital Image Warping},
  publisher = {IEEE Computer Society Press},
  year = {1990},
  author = {Wolberg, G.}
}

@BOOK{woo:97,
  title = {OpenGL Programming Guide (2. ed.) - The Official guide to Learning
	OpenGL},
  publisher = {Addison-Wesley},
  year = {2000},
  author = {{Woo, Mason} and {Neider, Jackie} and {Davis, Tom}}
}

@BOOK{woo:99,
  title = {OpenGL Programming Guide (Third Edition) - The Official guide to
	Learning OpenGL},
  publisher = {Addison-Wesley},
  year = {2000},
  author = {{Woo, Mason} and {Neider, Jackie} and {Davis, Tom} and {Shreiner,
	Dave}}
}

@BOOK{kempf:97,
  title = {OpenGL Reference Manual (2. ed.) - The Official Reference Document
	to OpenGL},
  publisher = {Addison-Wesley},
  year = {2000},
  author = {{Kempf, Renate} and {Frazier, Chris}}
}

@BOOK{shreiner:00,
  title = {OpenGL Reference Manual (Third Edition) - The Official Reference
	Document to OpenGL},
  publisher = {Addison-Wesley},
  year = {2000},
  author = {Shreiner, Dave}
}

@BOOK{akeley:90,
  title = {tomesh.c},
  publisher = {C-Programm, SGI Developer's Toolbox},
  year = {1990},
  author = {{Akeley, Kurt} and {Haeberli, Paul} and {Burns, D.}}
}

@BOOK{carey:97,
  title = {The Annotated VRML2.0 Reference Manual},
  publisher = {Addison-Wesley},
  year = {1997},
  author = {{Carey, Rikk} and {Bell, Gavin}}
}

@BOOK{maestri:99,
  title = {[digital] Character Animation 2 -- Volume 1, Essential Techniques},
  publisher = {New Riders},
  year = {1999},
  author = {Maestri, George}
}

@BOOK{maestri:01,
  title = {[digital] Character Animation 2 -- Volume 2, Advanced Techniques},
  publisher = {New Riders},
  year = {2001},
  author = {Maestri, George}
}

@BOOK{farin:94,
  title = {Kurven und Fl{"a}chen im Computer Aided Geometric Design},
  publisher = {Vieweg},
  year = {1994},
  author = {Farin, Gerald}
}

@BOOK{shamos:85,
  title = {Computational Geometry},
  publisher = {Springer},
  year = {1985},
  author = {{Preparate, F.} and {Shamos, M.}}
}

@BOOK{loop:87,
  title = {Smooth subdivision surfaces based on triangles},
  publisher = {Master's thesis, University of Utah},
  year = {1987},
  author = {Loop, C. T.}
}

@BOOK{leda:03,
  title = {Library for efficient data types and algorithms},
  publisher = {http://www.algorithmic-solutions.com},
  year = {zuletzt gesehen: Februar 2003},
  author = {{Algorithmic Solutions Software, LEDA}}
}

@BOOK{mccormick:87,
  title = {Visualization in Scientific Computing},
  publisher = {Report of the NSF Advisory Panel on Graphics, Image Processing and
	Workstations},
  year = {1987},
  author = {{McCormick, B.H.} and {DeFanti, F.A.} and {Brown, M.D.}}
}

@BOOK{bloomenthal:97,
  title = {Introduction to Implicit Surfaces},
  publisher = {Morgan-Kaufman},
  year = {1997},
  author = {Bloomenthal, Jules}
}

@BOOK{apodaca:99,
  title = {Advanced RenderMan: Creating CGI for Motion Pictures},
  publisher = {Morgan Kaufmann},
  year = {1999},
  author = {{Apodaca, Anthony} and {Gritz, Larry}}
}

@BOOK{ebert:98,
  title = {Texturing and Modeling},
  publisher = {Morgan Kaufmann},
  year = {1998},
  author = {{Ebert, David} and {Musgrave, Kenton} and {Peachey, Darwyn} and {Perlin,
	Ken} and {Worley, Steven}}
}

@BOOK{deering:97,
  title = {The Java3D API Specification},
  publisher = AW,
  year = {1997},
  author = {{Sowrizal, Henry} and {Rushforth, Kevin} and {Deering, Michael}}
}

@BOOK{upstill:89,
  title = {The Renderman Companion: A Programmers Guide to Realistic Computer
	Graphics},
  publisher = AW,
  year = {1989},
  author = {Upstill, Steve}
}

@BOOK{foley:91,
  title = {Computer Graphics -- Principles and Practice},
  publisher = AW,
  year = {1991},
  author = {{Foley, Jim} and {Dam, Andries van} and {Feiner, Steven} and {Hughes,
	John}}
}

@BOOK{wolfe:00,
  title = {Computer Graphics - A Visual Approach},
  publisher = {Oxford University Press},
  year = {2000},
  author = {Wolfe, Rosalee}
}

@BOOK{angel:00,
  title = {Interactive Computer Graphics - A Top-Down Approach with OpenGL},
  publisher = AW,
  year = {2000},
  author = {Angel, Edward}
}

@BOOK{angel:03,
  title = {Interactive Computer Graphics - A Top-Down Approach with OpenGL},
  publisher = AW,
  year = {2003},
  author = {Angel, Edward}
}

@BOOK{angel:11,
  title = {Interactive Computer Graphics - A Top-Down Approach with Shader-Based
	OpenGL},
  publisher = AW,
  year = {2011},
  author = {Angel, Edward}
}

@BOOK{hill:01,
  title = {Computer Graphics using OpenGL},
  publisher = {Prentice Hall},
  year = {2001},
  author = {Hill, Francis}
}

@BOOK{eberly:00,
  title = {3D Game Engine Design: A Practical Approach to Real-Time Computer
	Graphics},
  publisher = {Morgan Kaufmann Publishers},
  year = {2000},
  author = {David Eberly}
}

@BOOK{moller:99,
  title = {Real-Time Rendering},
  publisher = {A. K. Peters},
  year = {1999},
  author = {{Akenine-Möller, Tomas} and {Haines, Eric}}
}

@BOOK{moeller:02,
  title = {Real-Time Rendering Second Edition},
  publisher = {A. K. Peters},
  year = {2002},
  author = {{Akenine-Möller, Tomas} and {Haines, Eric}}
}

@BOOK{blinn:96,
  title = {Jim Blinn's Corner: A Trip Down the Graphics Pipeline},
  publisher = {Morgan Kaufmann Publishers},
  year = {1996},
  author = {Jim Blinn}
}

@BOOK{blinn:98,
  title = {Jim Blinn's Corner: Dirty Pixels},
  publisher = {Morgan Kaufmann Publishers},
  year = {1998},
  author = {Jim Blinn}
}

@BOOK{blinn:03,
  title = {Jim Blinn's Corner: Notation, Notation, Notation},
  publisher = {Morgan Kaufmann Publishers},
  year = {2003},
  author = {Jim Blinn}
}

@BOOK{watt:99,
  title = {3D Computer Graphics},
  publisher = AW,
  year = {1999},
  author = {Alan Watt}
}

@BOOK{watt:01,
  title = {3D Computergrafik},
  publisher = {Pearson Education},
  year = {2001},
  author = {Alan Watt}
}

@BOOK{watt:92,
  title = {Advanced Animation and Rendering Techniques},
  publisher = AW,
  year = {1992},
  author = {{Watt, Alan} and {Watt, Mark }}
}

@BOOK{wattpolicarpo:98,
  title = {The Computer Image},
  publisher = AW,
  year = {1998},
  author = {{Watt, Alan} and {Policarpo, Fabio}}
}

@BOOK{wattpolicarpo:00,
  title = {3D Games, Volume 1: Real--time Rendering and Software Technology},
  publisher = AW,
  year = {2000},
  author = {{Watt, Alan} and {Policarpo, Fabio}}
}

@BOOK{morie:01,
  title = {CGI Taxonomy Project},
  publisher = {www.siggraph.org/ education/curriculum/projects/Taxonomy2001.htm},
  year = {2001},
  author = {Jaquelin Morie}
}

@BOOK{henning:01,
  title = {Taschenbuch Multimedia},
  publisher = {Fachbuchverlag Leipzig},
  year = {2001},
  author = {Henning, Peter}
}

@BOOK{doo:78b,
  title = {A Recursive Subdivision Algorithm for Fitting Quadratic Surfaces
	to Irregular Polyhedrons},
  publisher = {Ph. D. Thesis, Brunel University},
  year = {1978},
  author = {Doo, D.}
}

@BOOK{evans:96a,
  title = {Completing sequential triangulations is hard},
  publisher = {Technical Report NY 11794-4400 SUNY, Stony Brook},
  year = {1996},
  author = {{Evans, Francine} and {Skiena, Steven} and {Varshney, Amitabh}}
}

@BOOK{gershon:95,
  title = {The First Information Visualization Symposium (InfoVis '95)},
  publisher = {IEEE Computer Society Press},
  year = {1995},
  author = {{Gershon, Nahum} and {Eick, Steve}}
}

@BOOK{kaufmann:90,
  title = {Proceedings of First IEEE Conference on Visualization (Visualization
	'90)},
  publisher = {IEEE Computer Society Press},
  year = {1990},
  author = {Kaufmann, Arie}
}

@BOOK{salomon:99,
  title = {Computer Graphics \& Geometric Modeling},
  publisher = {Springer},
  year = {1999},
  author = {Salomon, David}
}

@BOOK{pocock:02,
  title = {The Computer Animator's Technical Handbook},
  publisher = {Morgan Kaufmann},
  year = {2002},
  author = {{Pocock, Lynn} and {Rosebuch, Judson}}
}

@BOOK{glassner:95,
  title = {Principles of Digital Image Synthesis},
  publisher = {Morgan Kaufmann},
  year = {1995},
  author = {Glassner, Andrew}
}

@BOOK{glassner:99,
  title = {Andrew Glassner's Notebook: Recreational Computer Graphics},
  publisher = {Morgan Kaufmann},
  year = {1999},
  author = {Glassner, Andrew}
}

@BOOK{glassner:04,
  title = {Morphs, Mallards \& Montages: Computer-Aided Imagination},
  publisher = {A. K. Peters},
  year = {2004},
  author = {Glassner, Andrew}
}

@BOOK{pantone:91,
  title = {PANTONE Color Formula Guide 1000},
  publisher = {Pantone Inc.},
  year = {1991},
  author = {Pantone Inc.}
}

@BOOK{wyszecki:82,
  title = {Color Science: Concepts and Methods, Quantitative Data and Formulae},
  publisher = {John Wiley \& Sons},
  year = {1982},
  author = {{Wyszecki, Günter} and {Stiles, W. S.}}
}

@BOOK{parent:02,
  title = {Computer Animation - Algorithms and Techniques},
  publisher = {Morgan-Kaufmann},
  year = {2002},
  author = {Parent, Richard}
}

@BOOK{hagen:92,
  title = {Focus on Scientific Visualization},
  publisher = {Springer},
  year = {1992},
  author = {{Hagen, Hans} and {Müller, Heinrich} and {Nielson, Gregory}}
}

@BOOK{gallagher:94,
  title = {Computer Visualization},
  publisher = {CRC Press},
  year = {1994},
  editor = {Gallagher, Richard}
}

@INPROCEEDINGS{cook:84,
  author = {Cook, Rob},
  title = {Shade Trees},
  booktitle = {Siggraph},
  year = {1984},
  pages = {223-231},
  journal = {SIGGRAPH '84}
}

@ARTICLE{williams:82,
  author = {Williams, Lance},
  title = {Pyramidal Parametrics},
  journal = {Computer Graphics},
  year = {1982},
  volume = {7(3)},
  pages = {1-11}
}

@INPROCEEDINGS{whitted:90,
  author = {{Abram, Gregory} and {Whitted, Turner}},
  title = {Building Block Shaders},
  booktitle = {Siggraph},
  year = {1990},
  pages = {283 - 288},
  journal = {SIGGRAPH '90}
}

@INPROCEEDINGS{perlin:85,
  author = {Perlin, Ken},
  title = {An Image Synthesizer},
  booktitle = {Siggraph},
  year = {1985},
  pages = {287 - 296},
  journal = {SIGGRAPH '85}
}

@INPROCEEDINGS{hanrahan:90,
  author = {{Hanrahan, Pat} and {Lawson, Jim}},
  title = {A Language for Shading and Lighting Calculations},
  booktitle = {SIGGRAPH 1990},
  year = {1990},
  pages = {289 - 298},
  journal = {SIGGRAPH '90}
}

@INPROCEEDINGS{lorensen:87,
  author = {{Lorensen, Bill} and {Cline, Harvey}},
  title = {Marching Cubes: A High Resolution 3D Surface Construction Algorithm},
  booktitle = {Siggraph},
  year = {1987},
  pages = {163-169},
  journal = {SIGGRAPH '87}
}

@ARTICLE{lorensen:88,
  author = {{Lorensen, Bill} and {Cline, Harvey} and {Ludka, S.} and {Crawford,
	C.} and {Teeter, B.}},
  title = {Two Algorithms for the Three-Dimensional Construction of Tomograms},
  journal = {Medical Physics},
  year = {1988},
  volume = {15(3)},
  pages = {320-327}
}

@INPROCEEDINGS{schroeder:92,
  author = {{Schroeder, William} and {Zarge, J.A.} and {Lorensen, Bill}},
  title = {Decimation of triangle meshes},
  booktitle = {Siggraph},
  year = {1992},
  pages = {65-70},
  journal = {SIGGRAPH '92}
}

@INPROCEEDINGS{schroeder:97,
  author = {Schroeder, William},
  title = {A Topology Modifying Progressive Decimation Algorithm},
  booktitle = {Visualization},
  year = {1997},
  pages = {205-212},
  journal = {Visualization '97}
}

@INPROCEEDINGS{nielson:91,
  author = {{Nielson, Greg} and {Hamann, Bernd}},
  title = {The Asymptotic Decider: Resolving the Ambiguity in Marching Cubes},
  booktitle = {Visualization},
  year = {1991},
  pages = {83-91},
  journal = {Visualization '91}
}

@ARTICLE{boissonnat:88,
  author = {Boissonnat, J.},
  title = {Shape Reconstruction from Planar Cross Sections},
  journal = {Computer Vision, Graphics and Image Processing},
  year = {1988},
  volume = {44(1)},
  pages = {1-29}
}

@ARTICLE{fuchs:77,
  author = {{Fuchs, Henry} and {Kedem, Z.} and {Uselton, Sam}},
  title = {Optimal Surface Reconstruction from Planar Contours},
  journal = {Communications of the ACM},
  year = {1977},
  volume = {20(10)},
  pages = {693-702}
}

@ARTICLE{westover:90,
  author = {Westover, L.},
  title = {Footprint Evaluation for Volume Rendering},
  journal = {Computer Graphics},
  year = {1990},
  volume = {24(4)},
  pages = {367-376}
}

@ARTICLE{levoy:88,
  author = {Levoy, M.},
  title = {Display of Surfaces from Volume Data},
  journal = {IEEE Computer Graphcis and Applications},
  year = {1988},
  volume = {8(3)},
  pages = {29-37}
}

@ARTICLE{drebin:88,
  author = {{Drebin, R.} and {Carpenter, L.} and {Hanrahan, Pat}},
  title = {Volume Rendering},
  journal = {Computer Graphics},
  year = {1988},
  volume = {22(4)},
  pages = {65-74}
}

@ARTICLE{heiden:91,
  author = {{Heiden, W.} and {Goete, T.} and {Brickmann, J.}},
  title = {Marching Cube-Algorithmen zur schnellen Generierung von Isoflächen
	auf der Basis dreidimensionaler Datenfelder},
  journal = {Visualisierung von Volumendaten (Frühauf, Göbel (eds.))},
  year = {1991},
  pages = {112-117}
}

@ARTICLE{wilhelms:90,
  author = {{Wilhelms, Jane} and {van Gelder, A.}},
  title = {Topological considerations in isosurface generation},
  journal = {Computer Graphics},
  year = {1990},
  volume = {24(5)},
  pages = {79-86}
}

@ARTICLE{delmarcelle:93,
  author = {{Delmarcelle, T.} and {Hesselink, L.}},
  title = {Visualizing Second-Order Tensor Fields with Hyperstreamlines},
  journal = {IEEE Computer Graphics and Applications},
  year = {1993},
  volume = {13(4)},
  pages = {25-33}
}

@ARTICLE{helman:91,
  author = {{Helman, J.} and {Hesselink, L.}},
  title = {Visualization of Vector Field Topology in Fluid Flows},
  journal = {IEEE Computer Graphics and Applications},
  year = {1991},
  volume = {11(3)},
  pages = {36-46}
}

@INPROCEEDINGS{hultquist:92,
  author = {Hultquist, J.},
  title = {Constructing Stream Surfaces in Steady 3-D Vector Fields},
  booktitle = {Visualization},
  year = {1992},
  pages = {171-178},
  journal = {Visualization '92}
}

@INPROCEEDINGS{stalling:95,
  author = {{Stalling, Detlev} and {Hege, Hans-Christian}},
  title = {Fast and Independent Line Integral Convolution},
  booktitle = {Siggraph},
  year = {1995},
  pages = {249-256},
  journal = {SIGGRAPH '95}
}

@ARTICLE{wijk:93,
  author = {van Wijk, Jarke},
  title = {Flow Visualization with Surface Particles},
  journal = {IEEE Computer Graphics and Applications},
  year = {1993},
  volume = {13(4)},
  pages = {18-24}
}

@ARTICLE{requicha:80,
  author = {Requicha, A.},
  title = {Representations for Rigid Solids - Theory, Methods and Systems},
  journal = {Computer Surveys},
  year = {1980},
  volume = {12(4)},
  pages = {437-464}
}

@INPROCEEDINGS{baumgart:75,
  author = {Baumgart, B.G.},
  title = {A Polyhedron Represetation for Computer Vision},
  booktitle = {Proceedings of the National Computer Conference},
  year = {1975},
  pages = {589-596},
  journal = {Proceedings of the National Computer Conference}
}

@INPROCEEDINGS{cabral:93,
  author = {{Cabral, Brian} and {Leedom, Leith}},
  title = {Imaging Vector Fields Using Line Integral Convolution},
  booktitle = {Siggraph},
  year = {1993},
  journal = {SIGGRAPH '93}
}

@ARTICLE{blinn:82,
  author = {Blinn, Jim},
  title = {A generalization of Algebraic Surface Drawing},
  journal = {ACM Transactions on Graphics},
  year = {1982},
  volume = {1(3)},
  pages = {135-156}
}

@ARTICLE{blinn:87,
  author = {Blinn, Jim},
  title = {Platonic Solids},
  journal = {IEEE Computer Graphics and Applications},
  year = {1987},
  volume = {87(5)},
  pages = {62-66}
}

@ARTICLE{wyvill:86,
  author = {{Wyvill, Brian} and {McPheeters, Craig} and {Wyvill, Geoff}},
  title = {Data Structure for Soft Objects},
  journal = {The Visual Computer},
  year = {1986},
  volume = {2(4)},
  pages = {227-234}
}

@ARTICLE{bloomenthal:91,
  author = {{Bloomenthal, Jules} and {Showmake, Ken}},
  title = {Convolution Surfaces},
  journal = {Computer Graphics (Proceedings of SIGGRAPH91)},
  year = {1991},
  volume = {24(2)},
  pages = {251-256}
}

@INPROCEEDINGS{deering:95,
  author = {Deering, Michael},
  title = {Geometry Compression},
  booktitle = {SIGGRAPH},
  year = {1995},
  pages = {13-19},
  journal = {Computer Graphics Proceedings SIGGRAPH95, }
}

@ARTICLE{wolfe:98,
  author = {Wolfe, Rosalee},
  title = {OpenGL: Agent of Change or Sign of the Times?},
  journal = {Computer Graphics},
  year = {1998},
  pages = {29--31}
}

@ARTICLE{brill:94,
  author = {{Brill, Manfred} and {Hagen, Hans} and {Rodrian, Hans-Cristian} and
	{Djatschin, Wladimir} and {Klimenko, Stanislav}},
  title = {Streamball Techniques for Flow Visualization},
  journal = {IEEE Visualization},
  year = {1994},
  volume = {32(4)},
  pages = {225-231}
}

@ARTICLE{wolfe:99,
  author = {Rosalee Wolfe},
  title = {A Syllabus Survey: Examining the State of Current Practice in Introductory
	Computer Graphics Courses},
  journal = {Computer Graphics},
  year = {1999},
  volume = {33(1)},
  pages = {32-33}
}

@ARTICLE{wolfecunningham:99,
  author = {{Wolfe, Rosalee} and {Cunningham, Steve} and {Grissom, Scott} and
	{Hitchner, Lew}},
  title = {New Possibilities in the Introductory Graphics Course for Computer
	Science Majors},
  journal = {Computer Graphics},
  year = {1999},
  volume = {33(2)},
  pages = {35-39}
}

@CONFERENCE{bailey:98,
  author = {Bailey, Mike},
  title = {Addressing Perception Issues -- Using Color Properly in scientific
	Visualizations},
  booktitle = {Visualization 98},
  year = {1998},
  publisher = {IEEE},
  note = {Tutorial},
  journal = {Vis '98 Tutorial Interactive Visualization and Web-based exploration
	in the Physical and Natural Sciences}
}

@ARTICLE{smith:78,
  author = {Smith, A.R.},
  title = {Color Gamut Transform Pairs},
  journal = {SIGGRAPH '78},
  year = {1978},
  pages = {12-19}
}

@ARTICLE{carlbom:78,
  author = {{Carlbom, I.} and {Paciorek, J.}},
  title = {Geometrictric Projection and Viewing Transformations},
  journal = {Computing Surveys},
  year = {1978},
  volume = {1(4)},
  pages = {465-502}
}

@INPROCEEDINGS{barr:84,
  author = {Barr, Alan},
  title = {Global and Local Deformations of Solid Primitives},
  booktitle = {SIGGRAPH},
  year = {1984},
  pages = {21-30},
  journal = {SIGGRAPH 1984}
}

@INPROCEEDINGS{hoppe:92,
  author = {{Hoppe, Hugues} and {DeRose, Tony} and {Duchamp, Tom} and {McDonald,
	John} and {Stuetzle, Werner}},
  title = {Surface Reconstruction from Unorganized Points},
  booktitle = {SIGGRAPH},
  year = {1992},
  pages = {71-78},
  journal = {SIGGRAPH '92}
}

@INPROCEEDINGS{hoppe:93,
  author = {{Hoppe, Hugues} and {DeRose, Tony} and {Duchamp, Tom} and {McDonald,
	John} and {Stuetzle, Werner}},
  title = {Mesh optimiziation},
  booktitle = {SIGGRAPH},
  year = {1993},
  pages = {19-26},
  journal = {SIGGRAPH '93}
}

@INPROCEEDINGS{hoppe:96,
  author = {Hoppe, Hugues},
  title = {Progressive Meshes},
  booktitle = {SIGGRAPH},
  year = {1996},
  pages = {99-108},
  journal = {SIGGRAPH '96}
}

@INPROCEEDINGS{garland:97,
  author = {{Garland, Michael} and {Heckbert, Paul}},
  title = {Surface Simplification Usin Quadric Error Metrics},
  booktitle = {Siggraph},
  year = {1997},
  pages = {209-216},
  journal = {SIGGRAPH '97}
}

@INPROCEEDINGS{turk:92,
  author = {Turk, G.},
  title = {Re-Tiling of polygonal models},
  booktitle = {Siggraph},
  year = {1992},
  pages = {55-64},
  journal = {SIGGRAPH '92}
}

@INPROCEEDINGS{evans:96,
  author = {{Evans, Francine} and {Skiena, Steven} and {Varshney, Amitabh}},
  title = {Optimizing Triangle Strips for Fast Rendering},
  booktitle = {Visualization '96},
  year = {1996},
  pages = {321-326},
  journal = {Visualization '96}
}

@INPROCEEDINGS{chow:97,
  author = {Chow, Mike},
  title = {Optimized Geometry Compression for Real-time Rendering},
  booktitle = {Visualization},
  year = {1997},
  pages = {347-354},
  journal = {Visualization '97}
}

@ARTICLE{bar:96,
  author = {{Bar-Yehuda, R.} and {Gotsman, C.}},
  title = {Time/Space tradeoffs for polygon mesh rendering},
  journal = {ACM Transaction on Graphics},
  year = {1996},
  volume = {15(2)},
  pages = {141-152}
}

@INPROCEEDINGS{alliez:01,
  author = {{Alliez, Pierre} and {Desbrun, Mathieu}},
  title = {Progressive Compression for Lossless Transmission of Triangle Meshes},
  booktitle = {Siggraph},
  year = {2001},
  pages = {195-202},
  journal = {SIGGRAPH 2001}
}

@ARTICLE{taubin:98,
  author = {{Taubin, Gabriel} and {Horn, William} and {Lazarus, Francis} and
	{Rossignac, Jarek}},
  title = {Geometric Coding and VRML},
  journal = {Proceedings of the IEEE, Special issue on Multimedia Signal Processing},
  year = {1998},
  volume = {86(6)},
  pages = {1228-1243}
}

@ARTICLE{rossignac:93,
  author = {{Rossignac, Jarek} and {Borel, P.}},
  title = {Multiresolution $3$D approximations for rendering complex scenes},
  journal = {Falcideno, Kunii (eds.): Modeling in Computer Graphics: Methods and
	Applications},
  year = {1993},
  pages = {455-463}
}

@TECHREPORT{taubin:00,
  author = {{Taubin, Gabriel} and {Rossignac, Jarek}},
  title = {3D Geometry Compression},
  institution = {SIGGRAPH 2000 Course Notes},
  year = {2000},
  journal = {SIGGRAPH 2000 Course Notes}
}

@INPROCEEDINGS{gumhold:98,
  author = {{Gumhold, Stefan} and {Straßer, Wolfgang}},
  title = {Real Time Compression of Triangle Mesh Connectivity},
  booktitle = {SIGGRAPH 1998},
  year = {1998},
  pages = {133--140},
  journal = {SIGGRAPH 1998}
}

@ARTICLE{catmull:78,
  author = {{Catmull, Ed} and {Clark, Jim}},
  title = {Recursively generated B-spline surfaces on arbitrary topological
	meshes},
  journal = {CAD},
  year = {1978},
  volume = {10(6)},
  pages = {350-355}
}

@ARTICLE{doo:78a,
  author = {{Doo, D.} and {Sabin, M.}},
  title = {Behaviour of Recursive Subdivision Surfaces Near Extraordinary Points},
  journal = {CAD},
  year = {1978},
  volume = {10(6)},
  pages = {356-360}
}

@ARTICLE{doo:78c,
  author = {Doo, D.},
  title = {A subdivision algorithm for smoothing down irregulary shaped polyhedrons},
  journal = {Proceedings on Interactive Techniques in CAD},
  year = {1978},
  pages = {157-165}
}

@ARTICLE{bowyer:81,
  author = {Bowyer, A.},
  title = {Computing Dirichlet Tesselations},
  journal = {The Computer Journal},
  year = {1981},
  volume = {24(2)},
  pages = {162-166}
}

@ARTICLE{watson:81,
  author = {Watson, D. F.},
  title = {Computing the $n$-Dimensional Delaunay Tesselation with Application
	to Voronoi Polytopes},
  journal = {The Computer Journal},
  year = {1981},
  volume = {24(2)},
  pages = {167-172}
}

@ARTICLE{porter:90,
  author = {{Porter, T.} and {Duff, T.}},
  title = {Compositing digital images},
  journal = {Computer Graphics},
  year = {1990},
  volume = {18(3)},
  pages = {253-259}
}

@INPROCEEDINGS{marschner:94,
  author = {{Marschner, Stephen} and {Lobb, Richard}},
  title = {An Evaluation of Reconstruction Filters for Volume Rendering},
  booktitle = {Visualization},
  year = {1994},
  pages = {100-107},
  journal = {Visualization '94}
}

@INPROCEEDINGS{moeller:98,
  author = {{Möller, Torsten} and {Mueller, Klaus} and {Kurzion, Yair} and {Machiraju,
	Raghu} and {Yagel, Roni}},
  title = {Design of Accurate and Smooth Filters for Function and Derivative
	Reconstruction},
  booktitle = {Symposium on Volume visualization},
  year = {1998},
  journal = {1998 Symposium on Volume visualization}
}

@INPROCEEDINGS{moeller:97,
  author = {{Möller, Torsten} and {Machiraju, Raghu} and {Mueller, Klaus} and
	{Yagel, Roni}},
  title = {A Comparison of Normal Estimation Schemes},
  booktitle = {Visualization},
  year = {1997},
  pages = {19-26},
  journal = {Visualization '97}
}

@INPROCEEDINGS{yagel:92,
  author = {{Kaufmann, Arie} and {Yagel, Roni}},
  title = {Template-Based Volume Viewing},
  booktitle = {Eurographics},
  year = {1992},
  pages = {153-167},
  journal = {Eurographics '92}
}

@INPROCEEDINGS{blinn:82a,
  author = {Blinn, Jim},
  title = {Light reflection functions for simulation of clouds and dusty surfaces},
  booktitle = {Siggraph},
  year = {1982},
  pages = {21-29},
  journal = {SIGGRAPH '82}
}

@ARTICLE{krueger:91,
  author = {Krüger, Wolfgang},
  title = {The Application of Transport Theory to Visualization of 3D Scalar
	Data Fields},
  journal = {Computer in Physics},
  year = {1991},
  volume = {5},
  pages = {397-406}
}

@ARTICLE{max:95,
  author = {Max, Nelson},
  title = {Optical Models for direct Volume Rendering},
  journal = {IEEE Transactions on Visualization and Computer Graphics},
  year = {1995},
  volume = {1(2)},
  pages = {99-108}
}

@ARTICLE{sabella:84,
  author = {Sabella, Paolo},
  title = {A Rendering Algorithm for Visualizing Scalar Fields},
  journal = {Computer Graphics},
  year = {1984},
  volume = {22(4)},
  pages = {251-58}
}

@INPROCEEDINGS{kajiya:94,
  author = {{Kajiya, J.} and {von Herzen, B.P.}},
  title = {Ray-tracing Volume Densities},
  booktitle = {SIGGRAPH},
  year = {1994},
  pages = {165-174},
  journal = {SIGGRAPH '94}
}

@ARTICLE{blinn:94,
  author = {Blinn, Jim},
  title = {Jim Blinn's Corner: Compositing, Part 1 Theory},
  journal = {IEEE Computer Graphics and Applications},
  year = {1994},
  pages = {83-87}
}

@INPROCEEDINGS{wittenbrink:98,
  author = {{Wittenbrink, Craig} and {Malzbender, Thomas} and {Goss, Michael}},
  title = {Opacity-Weighted Color Interpolation For Volume Sampling},
  booktitle = {Symposium on Volume Visualization},
  year = {1998},
  pages = {135-142},
  journal = {1998 Symposium on Volume Visualization}
}

@INPROCEEDINGS{bartz:00,
  author = {{Bartz, Dirk} and {Crawfis, Roger} and {Huang, Jian}and {Meißner,
	Michael} and {Mueller, Klaus}},
  title = {A Practical Evaluation of Popular Volume Rendering Algorithms},
  booktitle = {Volume Visualization and Graphics Symposium},
  year = {2000},
  pages = {81-90},
  journal = {Volume Visualization and Graphics Symposium 2000}
}

@INPROCEEDINGS{mitchell:88,
  author = {{Mitchell, Don} and {Netravali, Arun}},
  title = {Reconstruction filters in Computer Graphics},
  booktitle = {Siggraph},
  year = {1988},
  pages = {221-228},
  journal = {SIGGRAPH '88}
}

@INPROCEEDINGS{clyne:99,
  author = {{Clyne, J.} and {Dennis, J.}},
  title = {Interactive direct volume rendering of time-varying data},
  booktitle = {VisSym},
  year = {1999},
  journal = {VisSym '99}
}

@INPROCEEDINGS{vanGelder:96,
  author = {{van Gelder, A.} and {Kim, K.}},
  title = {Direct volume rendering via 3D texture mapping hardware},
  booktitle = {Volume Render Symposium},
  year = {1996},
  pages = {23-30},
  journal = {Volume Render Symposium}
}

@INPROCEEDINGS{levoy:94,
  author = {{Lacroute, Philippe} and {Levoy, Marc}},
  title = {Fast volume Rendering Using a Shear-Warp Factorization of the Viewing
	Transformation},
  booktitle = {Siggraph},
  year = {1994},
  pages = {451-458},
  journal = {SIGGRAPH '94}
}

@INPROCEEDINGS{crawfis:99,
  author = {{Mueller, Klaus} and {Möller, Torsten} and {Crawfis, Roger}},
  title = {Splatting without the Blur},
  booktitle = {Visualization},
  year = {1999},
  pages = {363 - 370},
  journal = {Visualization '99}
}

@ARTICLE{lorensen:89,
  author = {{Lorensen, Bill} and {Yamrom, B.}},
  title = {Object-oriented Computer Animation},
  journal = {IEEE NAECON},
  year = {1989},
  volume = {2},
  pages = {588-595}
}

@INPROCEEDINGS{lorensen:92,
  author = {{Lorensen, Bill} and {Montanro, G.} and {Schroeder, William} and
	{Volpe, C.}},
  title = {Visage: An Object-Oriented Scientific Visualization System},
  booktitle = {Visualization},
  year = {1992},
  pages = {219-226},
  journal = {Visualization '92}
}

@ARTICLE{ape:90,
  author = {Dyer, D.},
  title = {A Dataflow Toolkit for Visualization},
  journal = {IEEE Computer Graphics and Applications},
  year = {1990},
  volume = {10(4)},
  pages = {60-69}
}

@ARTICLE{avs:89,
  author = {{Upson, C.} and {Faulhaber, T.} and {Kamins, D.}},
  title = {The Application Visualization System: A Computational Environment
	for Scientific Visualization},
  journal = {IEEE Computer Graphics and Applications},
  year = {1989},
  volume = {9(4)},
  pages = {30-42}
}

@INPROCEEDINGS{levoy:94a,
  author = {Levoy, Marc},
  title = {Spreadsheets for Images},
  booktitle = {Siggraph},
  year = {1994},
  pages = {139-146},
  journal = {SIGGRAPH '94}
}

@ARTICLE{poeschl:84,
  author = {Poeschl, T.},
  title = {Detecting surface irregularities using isophotes},
  journal = {CAGD},
  year = {1984},
  volume = {1},
  pages = {163-168}
}

@ARTICLE{kaufmann:88,
  author = {Kaufmann, E. and Klass, R.},
  title = {Smoothing surfaces using reflection lines for families of splines},
  journal = {CAD},
  year = {1988},
  volume = {20},
  pages = {312-316}
}

@ARTICLE{klass:80,
  author = {Klass, R.},
  title = {Correction of local surface irregularities using reflection lines},
  journal = {CAD},
  year = {1980},
  volume = {12},
  pages = {73-76}
}

@ARTICLE{osterberg:35,
  author = {Osterberg, G.},
  title = {Topography of the Layer of Rods and Cones in the Human Retina},
  journal = {Acta Ophthalmologica},
  year = {1935},
  volume = {6},
  pages = {1-103}
}

@ARTICLE{stone:88,
  author = {{Stone, M. W.} and {et al.}},
  title = {Color Gamut Mapping and the Printing of Digital Color Images},
  journal = {ACM Transactions on Graphics},
  year = {1988},
  volume = {7(3)},
  pages = {249-292}
}

@INPROCEEDINGS{dill:81,
  author = {Dill, J. C.},
  title = {An application of color graphics to the display of surface curvature},
  booktitle = {Siggraph '81},
  year = {1981},
  pages = {153-161}
}

@ARTICLE{blinn:76,
  author = {Blinn, J. and Newell, M. E.},
  title = {Texture and reflection in computer generated images},
  journal = {Communication of the ACM},
  year = {1976},
  volume = {19},
  pages = {362--327}
}

@ARTICLE{bier:86,
  author = {{Bier, E. A.} and {Sloan, K. R.}},
  title = {Two-part Texture Mapping},
  journal = {IEEE Computer Graphics and Applications},
  year = {1986},
  volume = {9},
  pages = {40-53}
}

@TECHREPORT{brill:02,
  author = {{Brill, Manfred} and {Moorhead, Robert} and {Guan, Yanlin}},
  title = {Immersive Surface Interrogation},
  institution = {Engineering Research Center, Mississippi State University},
  year = {2002},
  type = {MSSU-COE-ERC-03-04},
  journal = {Report MSSU-COE-ERC-03-04, Engineering Research Center, Mississippi
	State University}
}

@ARTICLE{hagen:92a,
  author = {Hagen, H. and Hahmann, S. and Schreiber, T. and Nakajima, Y. and
	Woerdenweber, B. and Hillemann-Grundstedt, P.},
  title = {Surface interrogation algorithms},
  journal = {IEEE Computer Graphics and Applications},
  year = {1992},
  volume = {12},
  pages = {53--60},
  number = {5}
}

@ARTICLE{weghorst:84,
  author = {{Weghorst, H.} and {Hooper, G.} and {Greenberg, D. P.}},
  title = {Improved Computational Methods for Ray Tracing},
  journal = {ACM Transactions on Graphics},
  year = {1984},
  volume = {3(1)},
  pages = {52-69}
}

@ARTICLE{bresenham:65,
  author = {Bresenham, J. E.},
  title = {Algorithm for computer control of a digital plotter},
  journal = {IBM Systems Journal},
  year = {1965}
}

@INPROCEEDINGS{thibault:87,
  author = {{Thibault, W. C.} and {Naylor, B. F.}},
  title = {Set Operations on Polyhedra Using Binary Space Partitioning Trees},
  booktitle = {Siggraph},
  year = {1987},
  pages = {1653-162},
  journal = {SIGGRAPH '87}
}

@INPROCEEDINGS{seidenberg:92,
  author = {Seidenberg, L. R. and Jerad, R. B. and Magewick, J.},
  title = {Surface curvature analysis using color},
  booktitle = {IEEE Visualization 92 Proceedings},
  year = {1992},
  pages = {260--267}
}

@INPROCEEDINGS{loos:99,
  author = {Loos, J. and Greiner, G. and Seidel, H.-P.},
  title = {Modeling of Surfaces with Fair Reflection Line Pattern},
  booktitle = {Shape Modeling and Applications 99},
  year = {1999},
  pages = {256--263}
}

@ARTICLE{chen:94b,
  author = {Beier, K.-P. and Chen, Y.},
  title = {The highlight--line: algorithms for real-time surface--quality assesment},
  journal = {CAD},
  year = {1994},
  volume = {26},
  pages = {268--278}
}

@INPROCEEDINGS{chen:94a,
  author = {Beier, K.-P. and Chen, Y.},
  title = {The highlight band, a simplified reflection model for iterative smoothness
	evaulation},
  booktitle = {Designing Fair Curves and Surfaces},
  year = {1994},
  editor = {Spapidis, N.},
  orgainzation = {SIAM}
}

@ARTICLE{chen:97,
  author = {Beier, K.-P. and Chen, Y. and Papageorgiou, D.},
  title = {Direct highlight line modification on Nurb surfaces},
  journal = {CAD},
  year = {1998},
  volume = {14},
  pages = {583--601}
}

@ARTICLE{zhang:98,
  author = {Zhang, C. and Cheng, F.},
  title = {Removing local irregularities of NURB surfaces by modifying highlight
	lines},
  journal = {CAD},
  year = {1998},
  volume = {30},
  pages = {923--930}
}

@INPROCEEDINGS{hagen:92b,
  author = {Hagen, H. and Hahmann, S.},
  title = {Generalized Focal Surfaces: a new method for Surface Interrogation},
  booktitle = {IEEE Visualization 92 Proceedings},
  year = {1992},
  pages = {70--76}
}

@INPROCEEDINGS{heicanned:98,
  author = {Heidrich, W. and Seidel, H.--P. and Kautz, J. and Slusallek, P.},
  title = {Canned Lightsources},
  booktitle = {Eurographics Rendering Workshop},
  year = {1998},
  pages = {293--300}
}

@INPROCEEDINGS{heidrich:98,
  author = {Heidrich, W. and Seidel, H.-P.},
  title = {View-independent environment maps},
  booktitle = {Eurographics/SIGGRAPH Workshop on Graphics Hardware},
  year = {1998},
  pages = {39--45}
}

@INPROCEEDINGS{heidrich:99,
  author = {Heidrich, W. and Seidel, H.-P.},
  title = {Realistic, Hardware--accelerated Shading and Lighting},
  booktitle = sig,
  year = {1999},
  pages = {171--178}
}

@INPROCEEDINGS{cohenheidrich:99,
  author = {Cohen and Heidrich and Seidel and Lensch},
  title = {Light Field Techniques for Reflections and Refractions},
  booktitle = {Eurographics Rendering Workshop},
  year = {1999}
}

@INPROCEEDINGS{schlick:94,
  author = {Schlick, D.},
  title = {A Fast Alternative to Phong's Specular Model},
  booktitle = {Graphics Gems IV},
  year = {1994}
}

@ARTICLE{phong:77,
  author = {{Phong, Bui Tuong}},
  title = {Illumination for Computer Generated Pictures},
  journal = cacm,
  year = {1977},
  pages = {311 - 317}
}

@ARTICLE{yeung:88,
  author = {{Yeung, P.K.} and {Pope, S.B.}},
  title = {An Algorithm for Tracking Fluid Particles in Numerical Simulations
	of Homogeneous Turbulence},
  journal = {Computational Physics},
  year = {1988},
  volume = {79},
  pages = {373 - 381}
}

@INPROCEEDINGS{Kenwright:92,
  author = {{Kenwright, D.} and {Mallinson, G.}},
  title = {A 3D Streamline Tracking Algorithm using Dual Stream Functions},
  booktitle = {Visualization},
  year = {1992},
  pages = {62-68},
  journal = {Visualization '92}
}

@INPROCEEDINGS{wijk:92,
  author = {van Wijk, Jarke},
  title = {Rendering Surface Particles},
  booktitle = {Visualization},
  year = {1992},
  pages = {54-61},
  journal = {Visualization '92}
}

@INPROCEEDINGS{ma:92,
  author = {{Ma, K.L.} and {Smith, J.}},
  title = {Virtual Smoke: An Interactive 3D Flow Visualization Technique},
  booktitle = {Visualization},
  year = {1992},
  pages = {46-53},
  journal = {Visualization '92}
}

@INPROCEEDINGS{forssell:94,
  author = {Forssell, Lisa},
  title = {Visualizing Flow over Curvilinear Grid Surfaces Using Line Integral
	Convolution},
  booktitle = {Visualization '94},
  year = {1994},
  pages = {240-247}
}

@INPROCEEDINGS{hege:95,
  author = {{Stalling, D.} and {Hege, Hans-Christian}},
  title = {Fast and Resolution Independent Line Integral Convolution},
  booktitle = {SIGGRAPH '95},
  year = {1995},
  pages = {249-256}
}

@INPROCEEDINGS{warn:83,
  author = {Warn, D. R.},
  title = {Lighting Controls for Synthetic Images},
  booktitle = {Siggraph},
  year = {1983},
  pages = {13-21},
  journal = {SIGGRAPH '83}
}

@INPROCEEDINGS{sandford:85,
  author = {{Sandford, Brian} and {Robertson, David}},
  title = {Infrared Reflectance Properties of Aircraft Points},
  booktitle = {IRIS Targets, Backgrounds and Discrimination},
  year = {1985},
  journal = {Proceedings IRIS Targets, Backgrounds and Discrimination}
}

@MANUAL{petitot:07,
  title = {Photographing a Car Without the Car},
  author = {{Petitot, Luc} and {Vanhove, Jo}},
  organization = {Autodesk University, au.autodesk.com},
  year = {2007}
}

@INPROCEEDINGS{borshukov:03,
  author = {Borshukov, George},
  title = {Measured BRDF in Film Production - Realistic Cloth Appearance for
	"`The Matrix Reloaded"'},
  booktitle = {SIGGRAPH '03: ACM SIGGRAPH 2003 Sketches \& Applications},
  year = {2003},
  pages = {1--1}
}

@INPROCEEDINGS{matusik:04,
  author = {Addy Ngan and Fr\'{e}do Durand and Wojciech Matusik},
  title = {Experimental validation of analytical BRDF models},
  booktitle = {SIGGRAPH '04: ACM SIGGRAPH 2004 Sketches},
  year = {2004},
  pages = {90},
  publisher = {ACM}
}

@INPROCEEDINGS{lensch:08,
  author = {Tim Weyrich and Jason Lawrence and Hendrik Lensch and Szymon Rusinkiewicz
	and Todd Zickler},
  title = {Principles of appearance acquisition and representation},
  booktitle = {SIGGRAPH '08: ACM SIGGRAPH 2008 classes},
  year = {2008},
  pages = {1--119}
}

@INPROCEEDINGS{lensch:05,
  author = {Hendrik P. A. Lensch and Michael Goesele and Yung-Yu Chuang and Tim
	Hawkins and Steve Marschner and Wojciech Matusik and Gero Mueller},
  title = {Realistic materials in computer graphics},
  booktitle = {SIGGRAPH '05: ACM SIGGRAPH 2005 Courses},
  year = {2005},
  publisher = {ACM}
}

@INPROCEEDINGS{debevec:99,
  author = {Yizhou Yu and Paul Debevec and Jitendra Malik and Tim Hawkins},
  title = {Inverse global illumination: recovering reflectance models of real
	scenes from photographs},
  booktitle = {SIGGRAPH '99: Proceedings of the 26th annual conference on Computer
	graphics and interactive techniques},
  year = {1999},
  pages = {215--224}
}

@INPROCEEDINGS{matusik:08,
  author = {Sylvain Paris and Will Chang and Oleg I. Kozhushnyan and Wojciech
	Jarosz and Wojciech Matusik and Matthias Zwicker and Fr\'{e}do Durand},
  title = {Hair photobooth: geometric and photometric acquisition of real hairstyles},
  booktitle = {SIGGRAPH '08},
  year = {2008},
  pages = {1--9},
  publisher = {ACM}
}

@ARTICLE{benartzi:08,
  author = {Aner Ben-Artzi and Kevin Egan and Ravi Ramamoorthi and Fr\'{e}do
	Durand},
  title = {A precomputed polynomial representation for interactive BRDF editing
	with global illumination},
  journal = {ACM Trans. Graph.},
  year = {2008},
  volume = {27},
  pages = {1--13},
  number = {2},
  publisher = {ACM}
}

@INPROCEEDINGS{heidrich:02,
  author = {David K. McAllister and Anselmo A. Lastra and Benjamin P. Cloward
	and Wolfgang Heidrich},
  title = {The spatial bi-directional reflectance distribution function},
  booktitle = {SIGGRAPH '02: ACM SIGGRAPH 2002 conference abstracts and applications},
  year = {2002},
  pages = {265--265},
  publisher = {ACM}
}

@INPROCEEDINGS{heidrich:02a,
  author = {David K. McAllister and Anselmo Lastra and Wolfgang Heidrich},
  title = {Efficient rendering of spatial bi-directional reflectance distribution
	functions},
  booktitle = {HWWS '02: Proceedings of the ACM SIGGRAPH/EUROGRAPHICS conference
	on Graphics hardware},
  year = {2002},
  pages = {79--88},
  publisher = {Eurographics Association}
}

@INPROCEEDINGS{matusik:03,
  author = {Wojciech Matusik and Hanspeter Pfister and Matthew Brand and Leonard
	McMillan},
  title = {Efficient isotropic BRDF measurement},
  booktitle = {EGRW '03: Proceedings of the 14th Eurographics workshop on Rendering},
  year = {2003},
  pages = {241--247},
  publisher = {Eurographics Association}
}

@INPROCEEDINGS{matusik:03a,
  author = {Wojciech Matusik and Hanspeter Pfister and Matt Brand and Leonard
	McMillan},
  title = {A data-driven reflectance model},
  booktitle = {SIGGRAPH '03},
  year = {2003},
  pages = {759--769},
  publisher = {ACM}
}

@ARTICLE{matusik:06,
  author = {Jason Lawrence and Aner Ben-Artzi and Christopher DeCoro and Wojciech
	Matusik and Hanspeter Pfister and Ravi Ramamoorthi and Szymon Rusinkiewicz},
  title = {Inverse shade trees for non-parametric material representation and
	editing},
  journal = {ACM Trans. Graph.},
  year = {2006},
  volume = {25},
  pages = {735--745},
  number = {3},
  publisher = {ACM}
}

@ARTICLE{lensch:03,
  author = {Hendrik P. A. Lensch and Jan Kautz and Michael Goesele and Wolfgang
	Heidrich and Hans-Peter Seidel},
  title = {Image-based reconstruction of spatial appearance and geometric detail},
  journal = {ACM Trans. Graph.},
  year = {2003},
  volume = {22},
  pages = {234--257},
  number = {2},
  publisher = {ACM}
}

@ARTICLE{oztur:08,
  author = {Aydin Ozturk and Murat Kurt and Ahmet Bilgili and Cengiz Gungor},
  title = {Technical Section: Linear approximation of Bidirectional Reflectance
	Distribution Functions},
  journal = {Comput. Graph.},
  year = {2008},
  volume = {32},
  pages = {149--158},
  number = {2},
  publisher = {Pergamon Press, Inc.}
}

@INPROCEEDINGS{lafortune:97,
  author = {Eric P. F. Lafortune and Sing-Choong Foo and Kenneth E. Torrance
	and Donald P. Greenberg},
  title = {Non-linear approximation of reflectance functions},
  booktitle = {SIGGRAPH '97: Proceedings of the 24th annual conference on Computer
	graphics and interactive techniques},
  year = {1997},
  pages = {117--126},
  publisher = {ACM Press/Addison-Wesley Publishing Co.}
}

@ARTICLE{wang:08,
  author = {Jiaping Wang and Shuang Zhao and Xin Tong and John Snyder and Baining
	Guo},
  title = {Modeling anisotropic surface reflectance with example-based microfacet
	synthesis},
  journal = {ACM Trans. Graph.},
  year = {2008},
  volume = {27},
  pages = {1--9},
  number = {3},
  publisher = {ACM}
}

@ARTICLE{murat:08,
  author = {Murat Kurt and Muhammed G\"{o}khan Cinsdikici},
  title = {Representing BRDFs using SOMs and MANs},
  journal = {SIGGRAPH Comput. Graph.},
  year = {2008},
  volume = {42},
  pages = {1--18},
  number = {3},
  publisher = {ACM}
}

@ARTICLE{shirley:06,
  author = {Dave Edwards and Solomon Boulos and Jared Johnson and Peter Shirley
	and Michael Ashikhmin and Michael Stark and Chris Wyman},
  title = {The halfway vector disk for BRDF modeling},
  journal = {ACM Trans. Graph.},
  year = {2006},
  volume = {25},
  pages = {1--18},
  number = {1},
  publisher = {ACM}
}

@INPROCEEDINGS{seidel:05,
  author = {Vlastimil Havran and Attila Neumann and Georg Zotti and Werner Purgathofer
	and Hans-Peter Seidel},
  title = {On cross-validation and resampling of BRDF data measurements},
  booktitle = {SCCG '05: Proceedings of the 21st spring conference on Computer graphics},
  year = {2005},
  pages = {161--168},
  publisher = {ACM},
  location = {Budmerice, Slovakia}
}

@ARTICLE{luebe:06,
  author = {Rui Wang and John Tran and David Luebke},
  title = {All-frequency relighting of glossy objects},
  journal = {ACM Trans. Graph.},
  year = {2006},
  volume = {25},
  pages = {293--318},
  number = {2},
  publisher = {ACM}
}

@ARTICLE{yan:08,
  author = {Mohamed Elhelw and Marios Nicolaou and Adrian Chung and Guang-Zhong
	Yang and M. Stella Atkins},
  title = {A gaze-based study for investigating the perception of visual realism
	in simulated scenes},
  journal = {ACM Trans. Appl. Percept.},
  year = {2008},
  volume = {5},
  pages = {1--20},
  number = {1},
  publisher = {ACM}
}

@ARTICLE{lawrence:07,
  author = {Fabio Pellacini and Jason Lawrence},
  title = {AppWand: editing measured materials using appearance-driven optimization},
  journal = {ACM Trans. Graph.},
  year = {2007},
  volume = {26},
  pages = {54},
  number = {3},
  publisher = {ACM}
}

@ARTICLE{kolb:02,
  author = {Lutz Latta and Andreas Kolb},
  title = {Homomorphic factorization of BRDF-based lighting computation},
  journal = {ACM Trans. Graph.},
  year = {2002},
  volume = {21},
  pages = {509--516},
  number = {3},
  publisher = {ACM}
}

@INPROCEEDINGS{sillion:08,
  author = {Julie Dorsey and Holly Rushmeier and Fran\c{c}ois Sillion},
  title = {Advanced material appearance modeling},
  booktitle = {SIGGRAPH '08: ACM SIGGRAPH 2008 classes},
  year = {2008},
  pages = {1--145},
  publisher = {ACM}
}

@INPROCEEDINGS{westlund:01,
  author = {Harold B. Westlund and Gary W. Meyer},
  title = {Applying appearance standards to light reflection models},
  booktitle = {SIGGRAPH '01: Proceedings of the 28th annual conference on Computer
	graphics and interactive techniques},
  year = {2001},
  pages = {501--51.},
  publisher = {ACM}
}

@TECHREPORT{shirley:00,
  author = {Michael Ashikhmin and Peter Shirley},
  title = {An anisotropic phong light reflection model},
  institution = {Journal of Graphics Tools},
  year = {2000}
}

@INPROCEEDINGS{lewis:93,
  author = {Robert R. Lewis},
  title = {Making shaders more physically plausible},
  booktitle = {Fourth Eurographics Workshop on Rendering},
  year = {1993},
  pages = {47--62}
}

@INPROCEEDINGS{debevec:97,
  author = {Paul E. Debevec and Jitendra Malik},
  title = {Recovering high dynamic range radiance maps from photographs},
  booktitle = {SIGGRAPH '97: Proceedings of the 24th annual conference on Computer
	graphics and interactive techniques},
  year = {1997},
  pages = {369--378},
  publisher = {ACM Press/Addison-Wesley Publishing Co.}
}

@INPROCEEDINGS{debevec:08,
  author = {Greg Ward and Erik Reinhard and Paul Debevec},
  title = {High dynamic range imaging \& image-based lighting},
  booktitle = {SIGGRAPH '08: ACM SIGGRAPH 2008 classes},
  year = {2008},
  pages = {1--137},
  publisher = {ACM},
  location = {Los Angeles, California}
}

@INPROCEEDINGS{debevec:06,
  author = {Paul Debevec},
  title = {Image-based lighting},
  booktitle = {SIGGRAPH '06: ACM SIGGRAPH 2006 Courses},
  year = {2006},
  pages = {4},
  publisher = {ACM},
  location = {Boston, Massachusetts}
}

@INPROCEEDINGS{debevec:04,
  author = {Paul Debevec and Erik Reinhard and Greg Ward and Sumanta Pattanaik},
  title = {High dynamic range imaging},
  booktitle = {SIGGRAPH '04: ACM SIGGRAPH 2004 Course Notes},
  year = {2004},
  pages = {14},
  publisher = {ACM}
}

@ARTICLE{dana:99,
  author = {Kristin J. Dana and Bram van Ginneken and Shree K. Nayar and Jan
	J. Koenderink},
  title = {Reflectance and texture of real-world surfaces},
  journal = {ACM Trans. Graph.},
  year = {1999},
  volume = {18},
  pages = {1--34},
  number = {1},
  publisher = {ACM}
}

@ARTICLE{he:91,
  author = {Xiao D. He and Kenneth E. Torrance and Fran\c{c}ois X. Sillion and
	Donald P. Greenberg},
  title = {A comprehensive physical model for light reflection},
  journal = {SIGGRAPH Comput. Graph.},
  year = {1991},
  volume = {25},
  pages = {175--186},
  number = {4},
  publisher = {ACM}
}

@INPROCEEDINGS{torrance:84,
  author = {Cindy M. Goral and Kenneth E. Torrance and Donald P. Greenberg and
	Bennett Battaile},
  title = {Modeling the interaction of light between diffuse surfaces},
  booktitle = {SIGGRAPH '84: Proceedings of the 11th annual conference on Computer
	graphics and interactive techniques},
  year = {1984},
  pages = {213--222},
  publisher = {ACM}
}

@ARTICLE{cooktorrance:82,
  author = {R. L. Cook and K. E. Torrance},
  title = {A Reflectance Model for Computer Graphics},
  journal = {ACM Trans. Graph.},
  year = {1982},
  volume = {1},
  pages = {7--24},
  number = {1},
  publisher = {ACM}
}

@INPROCEEDINGS{ward:92,
  author = {Gregory J. Ward},
  title = {Measuring and modeling anisotropic reflection},
  booktitle = {SIGGRAPH '92: Proceedings of the 19th annual conference on Computer
	graphics and interactive techniques},
  year = {1992},
  pages = {265--272},
  publisher = {ACM}
}

@ARTICLE{westin:92,
  author = {Stephen H. Westin and James R. Arvo and Kenneth E. Torrance},
  title = {Predicting reflectance functions from complex surfaces},
  journal = {SIGGRAPH Comput. Graph.},
  year = {1992},
  volume = {26},
  pages = {255--264},
  number = {2},
  publisher = {ACM}
}

@INPROCEEDINGS{sweldens:95,
  author = {Peter Schr\"{o}der and Wim Sweldens},
  title = {Spherical wavelets: efficiently representing functions on the sphere},
  booktitle = {SIGGRAPH '95: Proceedings of the 22nd annual conference on Computer
	graphics and interactive techniques},
  year = {1995},
  pages = {161--172},
  publisher = {ACM}
}

@INPROCEEDINGS{schlick:93,
  author = {Christophe Schlick},
  title = {A customizable reflectance model for everyday rendering},
  booktitle = {Fourth Eurographics Workshop on Rendering},
  year = {1993},
  pages = {73--83}
}

@INPROCEEDINGS{koenderink:96,
  author = {Jan J. Koenderink and Andrea J. van Doorn and Marigo Stavridi},
  title = {Bidirectional Reflection Distribution Function Expressed in Terms
	of Surface Scattering Modes},
  booktitle = {ECCV '96: Proceedings of the 4th European Conference on Computer
	Vision-Volume II},
  year = {1996},
  pages = {28--39},
  publisher = {Springer-Verlag}
}

@INPROCEEDINGS{brand:03,
  author = {Matthew Brand},
  title = {Charting a manifold},
  booktitle = {Advances in Neural Information Processing Systems 15},
  year = {2003},
  pages = {961--968},
  publisher = {MIT Press}
}

@ARTICLE{benartzi:06,
  author = {Aner Ben-Artzi and Ryan Overbeck and Ravi Ramamoorthi},
  title = {Real-time BRDF editing in complex lighting},
  journal = {ACM Trans. Graph.},
  year = {2006},
  volume = {25},
  pages = {945--954},
  number = {3},
  publisher = {ACM}
}

@ARTICLE{deerwester:90,
  author = {{Deerwester, Scott} and {Dumai, Susa} and {Landauer, Thomas} and
	{Furnas, George} and {Harshman, richard}},
  title = {Indexing by Latent Semantic Analysis},
  journal = {Journal of the American Society of Information Sciences},
  year = {1990},
  volume = {41},
  pages = {391--407},
  number = {6}
}

@INPROCEEDINGS{tenenbaum:98,
  author = {Tenenbaum, Joshua},
  title = {Mapping a Manifold of Perceptual Observations},
  booktitle = {Neural Information Processing Systems},
  year = {1998}
}

@MANUAL{roweis:02,
  title = {Think Globally, Fit Locally: Unsupervised Learning of Nonlinear Manifolds},
  author = {{Saul, Lawrence} and {Roweis, Sam}},
  organization = {University of Pennsylvania Technical Report MS-CIS-02-18},
  year = {2002}
}

@INPROCEEDINGS{gooch:98,
  author = {Gooch, Amy and Gooch, Bruce and Shirley, Peter and Cohen, Elaine},
  title = {A non-photorealistic lighting model for automatic technical illustration},
  booktitle = {Proceedings of the 25th annual conference on Computer graphics and
	interactive techniques},
  year = {1998},
  pages = {447--452},
  publisher = {ACM},
  keywords = {color, illustration, lighting models, non-photorealistic rendering,
	shading, silhouettes, tone}
}

@ARTICLE{eisemann_07,
  author = {Eisemann, Martin, Thorsten Grosch, Stefan Mueller, Marcus Magnos},
  title = {Fast Ray/Axis-Aligned Bounding Box Overlap Tests using Ray Slopes},
  journal = {Journal of Graphics Tools},
  year = {2007},
  volume = {12},
  pages = {35 -- 46},
  number = {4},
  abstract = {This paper proposes a new method for fast ray/axis-aligned bounding
	box overlap tests. This method tests the slope of a ray against an
	axisaligned bounding box by projecting itself and the box onto the
	three planes orthogonal to the world-coordinate axes and performs
	the tests on them separately. The method is division-free and successive
	calculations are independent of each other. No intersection distance
	is computed, but can be added easily. Testresults show the technique
	is up to 18% faster than any other method known to us and 14% faster
	on average for a wide variety of different test scenes and different
	processor architectures. Source code is available online.}
}

@ARTICLE{heckbert_86,
  author = {Heckbert, P.S.},
  title = {Survey of Texture Mapping},
  journal = {Computer Graphics and Applications, IEEE},
  year = {1986},
  volume = {6},
  pages = {56 -67},
  number = {11}
}

