% This file was created with JabRef 2.9.2.
% Encoding: ISO8859_1

@BOOK{mittelbach_05,
  title = {Der LaTeX-Begleiter},
  publisher = {Addison-Wesley},
  year = {2005},
  author = {{Mittelbach, Frank} and {Goossens, Michel}}
}

@BOOK{kopka_02,
  title = {LaTeX - Band 1: Einf\"uhrung},
  publisher = {Addison-Wesley},
  year = {2002},
  author = {Helmut Kopka}
}

@BOOK{schlosser_11,
  title = {Wissenschaftliche Arbeiten schreiben mit LateX - Leitfaden f\"ur
	Einsteiger},
  publisher = {mitp},
  year = {2011},
  author = {Joachim Schlosser}
}

@ARTICLE{knuth_08,
  author = {Shustek, Len},
  title = {Donald Knuth: A life's work interrupted},
  journal = {Communications of the ACM},
  year = {2008},
  volume = {51},
  pages = {31--35},
  number = {8},
  month = aug,
  doi = {10.1145/1378704.1378715},
  editor = {Shustek, Len},
  issue_date = {August 2008},
  publisher = {ACM},
  url = {http://doi.acm.org/10.1145/1378704.1378715}
}

@BOOK{voss_12,
  title = {Einf\"uhrung in LaTeX},
  publisher = {Lehmanns media},
  year = {2012},
  author = {Herbert Voß}
}

@ELECTRONIC{dante_13,
  author = {Deutschsprachige Anwendervereinigung TeX},
  month = may,
  year = {2013},
  title = {Professional Typesetting},
  organization = {Deutschsprachige Anwendervereinigung TeX e.V.},
  note = {\url{http://www.dante.de}, Zuletzt gesehen: 7. Mai 2015}
}

@MANUAL{brill_13a,
  title = {mb.sty - \LaTeX{}--Style für Texte an der Hochschule Kaiserslautern},
  author = {Manfred Brill},
  organization = {Hochschule Kaiserslautern},
  year = {2013}
}

@MANUAL{brill_13b,
  title = {mbmath.sty - Ein mathematisches \LaTeX{}-Package},
  author = {Manfred Brill},
  organization = {Hochschule Kaiserslautern},
  year = {2013}
}

@ELECTRONIC{jabref,
  author = {Oliver Kopp},
  year = {2018},
  title = {JabRef},
  howpublished = {\url{http://www.jabref.org/}},
  note = {Zuletzt gesehen am 26. Februar 2018},
  url = {\url{http://www.jabref.org/}},
  keywords = {Literaturverzeichnis, Quellenverwaltung}
}

@MANUAL{zfh_11,
  title = {Vorgaben zur Gestaltung von Lehrtexten},
  author = {ZFH},
  organization = {ZFH},
  year = {2011}
}

@MANUAL{brill_18,
  title = {mbPDF.sty - \LaTeX{}--Style für Texte an der Hochschule Kaiserslautern},
  author = {Manfred Brill},
  organization = {Hochschule Kaiserslautern},
  year = {2018}
}

@BOOK{brill:01,
  title = {Mathematik für Informatiker},
  publisher = {Hanser Verlag},
  year = {2001},
  author = {Brill, Manfred}
}

@BOOK{bamberg_93,
  title = {Statistik},
  publisher = {Oldenbourg},
  year = {1993},
  author = {{Bamberg, Günter} and {Baur, Franz}},
  edition = {8.}
}

@comment{jabref-meta: selector_keywords:}

@comment{jabref-meta: selector_journal:}

@comment{jabref-meta: selector_publisher:}

@comment{jabref-meta: selector_author:}

